@Article{Sutter03:Observer,
  author = 	 {Herb Sutter},
  title = 	 {Generalizing Observer},
  journal = 	 {{C/C++} Users Journal},
  year = 	 2003,
  volume =	 21,
  number =	 9,
  month =	 {September},
  note =         {Available online at \url{http://www.cuj.com/documents/s=8840/cujexp0309sutter/}}
}

