@InProceedings{Jarvi02,
  author =       {Jakko J\"arvi},
  title =        {Proposal for adding tuple types to the standard library},
  series =       {ANSI/ISO C++ Standard Committee Post-Santa Cruz mailing},
  year =         2002,
  number =       {N1403=02-0061},
  month =        {October}
}

@InProceedings{Dimov02,
  author =       {Peter Dimov and Howard Hinnant and Dave Abrahams},
  title =        {The Forwarding Problem: Arguments},
  year =         2002,
  number =       {N1385=02-0043},
  series =       {ANSI/ISO C++ Standard Committee Pre-Santa Cruz mailing},
  month =        {October}
}

@InProceedings{Gregor02,
  author =       {Douglas Gregor},
  title =        {A Proposal to add a Polymorphic Function Object Wrapper to the Standard Library},
  year =         2002,
  number =       {N1402=02-0060},
  series =       {ANSI/ISO C++ Standard Committee Post-Santa Cruz mailing},
  month =        {October}
}

@InProceedings{Maddock03,
  author =       {John Maddock},
  title =        {A Proposal to add Type Traits to the Standard Library},
  year =         2003,
  number =       {N1424=03-0006},
  series =       {ANSI/ISO C++ Standard Committee Pre-Oxford mailing},
  month =        {March}
}


@InProceedings{Dimov03a,
  author =       {Peter Dimov},
  title =        {A Proposal to Add an Enhanced Member Pointer Adaptor to the Library Technical Report},
  year =         2003,
  number =       {N1432=03-0014},
  series =       {ANSI/ISO C++ Standard Committee Pre-Oxford mailing},
  month =        {March}
}

@InProceedings{Dimov03b,
  author =       {Peter Dimov and Douglas Gregor and Jaakko J\"arvi and Gary Powell},
  title =        {A Proposal to Add an Enhanced Binder to the Library Technical Report},
  year =         2003,
  number =       {N1455=03-0038},
  series =       {ANSI/ISO C++ Standard Committee Post-Oxford mailing},
  month =        {April}
}

@Misc{Gurtovoy02,
  author =       {Aleksey Gurtovoy},
  title =        {The {B}oost {MPL} Library},
  howpublished = {\url{http://www.boost.org/libs/mpl/doc/index.html}},
  month =        {July},
  year =         2002
}

@Misc{Preprocessor01,
  author =       {Vesa Karvonen and Paul Mensonides},
  title =        {The {B}oost {P}reprocessor Library},
  howpublished = {\url{http://www.boost.org/libs/preprocessor/doc/index.html}},
  month =        {July},
  year =         2001
}

@Misc{Lambda02,
  author =       {Jaakko J\"arvi and Gary Powell},
  title =        {The {B}oost {L}ambda Library},
  howpublished = {\url{http://www.boost.org/libs/lambda/doc/index.html}},
  month =        {March},
  year =         2002
}

@Misc{Tuples01,
  author =       {Jaakko J\"arvi},
  title =        {The {B}oost {T}uples Library},
  howpublished = {\url{http://www.boost.org/libs/tuple/doc/tuple_users_guide.html}},
  month =        {June},
  year =         2001
}

@Misc{Krempp02,
  author =       {Samual Krempp},
  title =        {The {B}oost {F}ormat Library},
  howpublished = {\url{http://www.boost.org/libs/format/index.htm}},
  month =        {January},
  year =         2002
}

@Misc{Function01,
  author =       {Douglas Gregor},
  title =        {The {B}oost {F}unction Library},
  howpublished = {\url{http://www.boost.org/doc/html/function.html}},
  month =        {June},
  year =         2001
}

@Misc{Bind01,
  author =       {Peter Dimov},
  title =        {The {B}oost {B}ind Library},
  howpublished = {\url{http://www.boost.org/libs/bind/bind.html}},
  month =        {August},
  year =         2001
}

