@techreport{stroustrup_concept_checking03,
  author       = {Bjarne Stroustrup},
  title	       = "Concepts -- A more abstract complement to type
                  checking",
  institution  = "ISO/IEC JTC 1, Information Technology, Subcommittee
                  SC 22, Programming Language {C++}",
  number       = "N1510=03-0093",
  year	       = 2003,
  month	       = oct,
  note	       = {\url{http://www.open-std.org/jtc1/sc22/wg21}}
}

@TechReport{siek06:_scoped_concept_maps,
  author = 	 {Jeremy Siek},
  title = 	 {Scoped Concept Maps},
  institution =  {ISO/IEC JTC 1, Information Technology, Subcommittee
                  SC 22, Programming Language {C++}},
  year = 	 2006,
  number =	 {N2098=06-0168},
  month =	 {September},
  note =	 {\url{http://www.open-std.org/jtc1/sc22/wg21/docs/papers/2006/n2098.pdf}}
}

@techreport{stroustrup_concept_design_choices03,
  author       = {Bjarne Stroustrup and Dos Reis, Gabriel},
  title	       = "Concepts -- Design choices for template argument
                  checking",
  institution  = "ISO/IEC JTC 1, Information Technology, Subcommittee
                  SC 22, Programming Language {C++}",
  number       = "N1522=03-0105",
  year	       = 2003,
  month	       = oct,
  note	       = {\url{http://www.open-std.org/jtc1/sc22/wg21}}
}

@Book{C++ARM,
  author =    {Margaret A. Ellis and Bjarne Stroustrup},
  title =        {The {Annotated} {C++} {Reference} {Manual}},
  publisher =    {Addison-Wesley},
  year =         1990,
  address =   {Reading, MA.}
}

@techreport{stroustrup_concept_syntax03,
  author       = {Bjarne Stroustrup and Dos Reis, Gabriel},
  title	       = "Concepts -- syntax and composition",
  institution  = "ISO/IEC JTC 1, Information Technology, Subcommittee
                  SC 22, Programming Language {C++}",
  number       = "N1536=03-0119",
  year	       = 2003,
  month	       = oct,
  note	       = {\url{http://www.open-std.org/jtc1/sc22/wg21}}
}

@TechReport{siek05:concepts_c++0x,
  author =       {Jeremy Siek and Douglas Gregor and Ronald Garcia and Jeremiah Willcock and Jaakko J\"{a}rvi and Andrew Lumsdaine},
  title =        {Concepts for {C++0x}},
  institution =  {ISO/IEC JTC 1, Information Technology, Subcommittee
                  SC 22, Programming Language {C++}},
  year =         2005,
  number =    {N1758=05-0018},
  month =     {January}
}

@Unpublished{stroustrup05:concept_design,
  author =       {Bjarne Stroustrup and Gabriel {Dos Reis}},
  title =        {A concept design},
  note =         {{C++} Extensions reflector message {c++std-ext-7073}},
  month =     {April},
  year =      2005
}

@TechReport{stroustrup05:concept_design_rev_1,
  author =       {Bjarne Stroustrup and Gabriel {Dos Reis}},
  title =        {A concept design (Rev. 1)},
  institution =  {ISO/IEC JTC 1, Information Technology, Subcommittee
                  SC 22, Programming Language {C++}},
  year =         2005,
  month =     {May},
  number =       {N1782=05-0042}
}

@TechReport{stroustrup05:concept_design_rev_1,
  author =       {Bjarne Stroustrup and Gabriel {Dos Reis}},
  title =        {A concept design (Rev. 1)},
  institution =  {ISO/IEC JTC 1, Information Technology, Subcommittee
                  SC 22, Programming Language {C++}},
  year =         2005,
  month =     {May},
  number =       {N1782=05-0042}
}

@TechReport{gregor05:explicit_models,
  author =       {Douglas Gregor and Jeremy Siek},
  title =        {Explicit model definitions are necessary},
  institution =  {ISO/IEC JTC 1, Information Technology, Subcommittee
                  SC 22, Programming Language {C++}},
  year =         2005,
  month =        {May},
  number =       {N1798=05-0058}
}

@TechReport{gregor05:implementing_concepts,
  author =       {Douglas Gregor and Jeremy Siek},
  title =        {Implementing Concepts},
  institution =  {ISO/IEC JTC 1, Information Technology, Subcommittee
                  SC 22, Programming Language {C++}},
  year =         2005,
  number =    {N1848=05-0108},
  month =     {August}
}

@TechReport{gregor05:concepts_c++0x,
  author =       {Douglas Gregor and Jeremy Siek and Jeremiah Willcock and Jaakko J\"{a}rvi and Ronald Garcia and Andrew Lumsdaine},
  title =        {Concepts for {C++0x} (Revision 1)},
  institution =  {ISO/IEC JTC 1, Information Technology, Subcommittee
                  SC 22, Programming Language {C++}},
  year =         2005,
  number =    {N1849=05-0109},
  month =     {August}
}

@Misc{gregor05:ConceptGCC,
  title = {{ConceptGCC}: Concept extensions for {C++}},
  author = {Douglas Gregor},
  howpublished = {\url{http://www.generic-programming.org/software/ConceptGCC}},
  year = 2006
}

@TechReport{GregorStroustrup06:concepts,
  author =       {Douglas Gregor and Bjarne Stroustrup},
  title =        {Concepts},
  institution =  {ISO/IEC JTC 1, Information Technology, Subcommittee
                  SC 22, Programming Language {C++}},
  year =         2006,
  number =    {N2042=06-0112},
  month =     {June}
}

@TechReport{GregorStroustrup06:concepts_rev_1,
  author =       {Douglas Gregor and Bjarne Stroustrup},
  title =        {Concepts (Revision 1)},
  institution =  {ISO/IEC JTC 1, Information Technology, Subcommittee
                  SC 22, Programming Language {C++}},
  year =         2006,
  number =    {N2081=06-0151},
  month =     {October}
}

@TechReport{gregor06:concepts_stdlib_approach,
  author =       {Douglas Gregor and Jeremiah Willcock and Andrew Lumsdaine},
  title =        {Concepts for the {C++0x} {Standard} {Library}: {Approach}},
  institution =  {ISO/IEC JTC 1, Information Technology, Subcommittee
                  SC 22, Programming Language {C++}},
  year =         2006,
  number =    {N2036=06-0106},
  month =     {June}
}

@TechReport{gregor06:concepts_stdlib_intro,
  author =       {Douglas Gregor and Jeremiah Willcock and Andrew Lumsdaine},
  title =        {Concepts for the {C++0x} {Standard} {Library}: {Introduction}},
  institution =  {ISO/IEC JTC 1, Information Technology, Subcommittee
                  SC 22, Programming Language {C++}},
  year =         2006,
  number =    {N2037=06-0107},
  month =     {June}
}

@TechReport{gregor06:concepts_stdlib_utilities,
  author =       {Douglas Gregor and Jeremiah Willcock and Andrew Lumsdaine},
  title =        {Concepts for the {C++0x} {Standard} {Library}: {Utilities}},
  institution =  {ISO/IEC JTC 1, Information Technology, Subcommittee
                  SC 22, Programming Language {C++}},
  year =         2006,
  number =    {N2038=06-0108},
  month =     {June}
}

@TechReport{gregor06:concepts_stdlib_utilities_rev_1,
  author =       {Douglas Gregor and Jeremiah Willcock and Andrew Lumsdaine},
  title =        {Concepts for the {C++0x} {Standard} {Library}: {Utilities} (Revision 1)},
  institution =  {ISO/IEC JTC 1, Information Technology, Subcommittee
                  SC 22, Programming Language {C++}},
  year =         2006,
  number =    {N2082=06-0152},
  month =     {October}
}

@TechReport{gregor06:concepts_stdlib_containers,
  author =       {Douglas Gregor and Jeremiah Willcock and Andrew Lumsdaine},
  title =        {Concepts for the {C++0x} {Standard} {Library}: {Containers}},
  institution =  {ISO/IEC JTC 1, Information Technology, Subcommittee
                  SC 22, Programming Language {C++}},
  year =         2006,
  number =    {N2085=06-0155},
  month =     {October}
}

@TechReport{gregor06:concepts_stdlib_iterators,
  author =       {Douglas Gregor and Jeremiah Willcock and Andrew Lumsdaine},
  title =        {Concepts for the {C++0x} {Standard} {Library}: {Iterators}},
  institution =  {ISO/IEC JTC 1, Information Technology, Subcommittee
                  SC 22, Programming Language {C++}},
  year =         2006,
  number =    {N2039=06-0109},
  month =     {June}
}

@TechReport{gregor06:concepts_stdlib_iterators_rev_1,
  author =       {Douglas Gregor and Jeremiah Willcock and Andrew Lumsdaine},
  title =        {Concepts for the {C++0x} {Standard} {Library}: {Iterators} (Revision 1)},
  institution =  {ISO/IEC JTC 1, Information Technology, Subcommittee
                  SC 22, Programming Language {C++}},
  year =         2006,
  number =    {N2083=06-0153},
  month =     {October}
}


@TechReport{gregor06:concepts_stdlib_algorithms,
  author =       {Douglas Gregor and Jeremiah Willcock and Andrew Lumsdaine},
  title =        {Concepts for the {C++0x} {Standard} {Library}: {Algorithms}},
  institution =  {ISO/IEC JTC 1, Information Technology, Subcommittee
                  SC 22, Programming Language {C++}},
  year =         2006,
  number =    {N2040=06-0110},
  month =     {June}
}

@TechReport{gregor06:concepts_stdlib_algorithms_rev_1,
  author =       {Douglas Gregor and Jeremiah Willcock and Andrew Lumsdaine},
  title =        {Concepts for the {C++0x} {Standard} {Library}: {Algorithms} (Revision 1)},
  institution =  {ISO/IEC JTC 1, Information Technology, Subcommittee
                  SC 22, Programming Language {C++}},
  year =         2006,
  number =    {N2084=06-0154},
  month =     {October}
}

@TechReport{gregor06:concepts_stdlib_numerics,
  author =       {Douglas Gregor and Jeremiah Willcock and Andrew Lumsdaine},
  title =        {Concepts for the {C++0x} {Standard} {Library}: {Numerics}},
  institution =  {ISO/IEC JTC 1, Information Technology, Subcommittee
                  SC 22, Programming Language {C++}},
  year =         2006,
  number =    {N2041=06-0111},
  month =     {June}
}

@InProceedings{RvalueReferences,
  author =    {Howard E. Hinnant and David Abrahams and J. Stephen Adamczyk and Peter Dimov and Andreas Hommel},
  title =     {A Proposal to Add an Rvalue Reference to the {C++} Language},
  year =      {2005},
  number =    {N1770=05-0030},
  series =    {ANSI/ISO C++ Standard Committee Pre-Lillehammer mailing},
  month =     {March}
}



@TechReport{DosReis06:ConstExpr4,
  author = 	 {Gabriel Dos~Reis and Bjarne Stroustrup and Jens Maurer},
  title = 	 {Generalized Constant Expressions -- Revision 4},
  institution =  {ISO/IEC JTC 1, Information Technology, Subcommittee
                  SC 22, Programming Language {C++}},
  year = 	 2006,
  number =	 {N2116=06-0186},
  month =	 {November}
}

@InProceedings{Gregor06:Concepts,
  author =       {Douglas Gregor and Jaakko J\"arvi and Jeremy Siek and Bjarne Stroustrup and Gabriel Dos~Reis and Andrew Lumsdaine},
  title =        {Concepts: Linguistic Support for Generic Programming in {C++}},
  booktitle = {Proceedings of the 2006 {ACM} {SIGPLAN} conference on {O}bject-oriented programming, systems, languages, and applications ({OOPSLA} '06)},
  year =      2006,
  month =     {October},
  note =      {Accepted}
}


@TechReport{gregor07:cccc,
  author =       {Douglas Gregor and Andrew Lumsdaine},
  title =        {Considering Concept Constraint Combinators},
  institution =  {ISO/IEC JTC 1, Information Technology, Subcommittee
                  SC 22, Programming Language {C++}},
  year =         2007,
  number =    {N2161=07-0021},
  month =     {January}}

@TechReport{dawes06:keywords,
  author =       {Beman Dawes},
  title =        {Proposed {C++}0x Keywords Considered},
  institution =  {ISO/IEC JTC 1, Information Technology, Subcommittee
                  SC 22, Programming Language {C++}},
  year =         2006,
  number =    {N2105=06-0175},
  month =     {November}}

@TechReport{stroustrup07:intersection,
  author =       {Bjarne Stroustrup and Gabriel Dos Reis},
  title =        {An analysis of concept intersection},
  institution =  {ISO/IEC JTC 1, Information Technology, Subcommittee
                  SC 22, Programming Language {C++}},
  year =         2007,
  number =    {N2221=07-0081},
  month =     {March}}

@TechReport{GregorStroustrup07:concepts_wording,
  author =       {Douglas Gregor and Bjarne Stroustrup},
  title =        {Proposed Wording for Concepts},
  institution =  {ISO/IEC JTC 1, Information Technology, Subcommittee
                  SC 22, Programming Language {C++}},
  year =         2007,
  number =    {N2193=07-0053},
  month =     {March}
}

@TechReport{GregorStroustrup07:concepts_wording_rev_1,
  author =       {Douglas Gregor and Bjarne Stroustrup},
  title =        {Proposed Wording for Concepts (Revision 1)},
  institution =  {ISO/IEC JTC 1, Information Technology, Subcommittee
                  SC 22, Programming Language {C++}},
  year =         2007,
  number =    {N2307=07-0167},
  month =     {July}
}

@TechReport{GregorStroustrup07:concepts_wording_rev_2,
  author =       {Douglas Gregor and Bjarne Stroustrup},
  title =        {Proposed Wording for Concepts (Revision 2)},
  institution =  {ISO/IEC JTC 1, Information Technology, Subcommittee
                  SC 22, Programming Language {C++}},
  year =         2007,
  number =    {N2398=07-0258},
  month =     {September}
}

@TechReport{GregorStroustrup07:concepts_wording_rev_3,
  author =       {Douglas Gregor and Bjarne Stroustrup and Jeremy Siek and James Widman},
  title =        {Proposed Wording for Concepts (Revision 3)},
  institution =  {ISO/IEC JTC 1, Information Technology, Subcommittee
                  SC 22, Programming Language {C++}},
  year =         2007,
  number =    {N2421=07-0281},
  month =     {October}
}

@TechReport{GregorStroustrup07:concepts_wording_rev_4,
  author =       {Douglas Gregor and Bjarne Stroustrup and Jeremy Siek and James Widman},
  title =        {Proposed Wording for Concepts (Revision 4)},
  institution =  {ISO/IEC JTC 1, Information Technology, Subcommittee
                  SC 22, Programming Language {C++}},
  year =         2008,
  number =    {N2501=08-0011},
  month =     {January}
}

@TechReport{GregorStroustrup07:concepts_wording_rev_5,
  author =       {Douglas Gregor and Bjarne Stroustrup and James Widman and Jeremy Siek},
  title =        {Proposed Wording for Concepts (Revision 5)},
  institution =  {ISO/IEC JTC 1, Information Technology, Subcommittee
                  SC 22, Programming Language {C++}},
  year =         2008,
  number =    {N2617=08-0127},
  month =     {May}
}

@TechReport{GregorStroustrup07:concepts_wording_rev_6,
  author =       {Douglas Gregor and Bjarne Stroustrup and James Widman and Jeremy Siek},
  title =        {Proposed Wording for Concepts (Revision 6)},
  institution =  {ISO/IEC JTC 1, Information Technology, Subcommittee
                  SC 22, Programming Language {C++}},
  year =         2008,
  number =    {N2676=08-0186},
  month =     {June}
}

@TechReport{SiekWidman07:ScopedConceptMaps,
  author =       {Jeremy Siek and James Widman},
  title =        {Proposed Wording for Scoped Concept Maps},
  institution =  {ISO/IEC JTC 1, Information Technology, Subcommittee
                  SC 22, Programming Language {C++}},
  year =         2007,
  number =    {N2414=07-0274},
  month =     {September}
}

@Misc{Hinnant08:Concerns,
  author =    {Howard Hinnant},
  title =     {Some concerns about concepts},
  howpublished = {C++ Library Reflector message c++std-lib-20050},
  month =     {January},
  year =      2008}


@Misc{Parent08:Concerns,
  author =    {Sean Parent},
  title =     {Re: Some concerns about concepts},
  howpublished = {C++ Library Reflector message c++std-lib-20052},
  month =     {January},
  year =      2008}

@inproceedings{Jarvi06:Specialization,
 author = {Jaakko J\"arvi and Douglas Gregor and Jeremiah Willcock and Andrew Lumsdaine and Jeremy Siek},
 title = {Algorithm Specialization in Generic Programming: Challenges of Constrained Generics in {C++}},
 booktitle = {PLDI '06: Proceedings of the 2006 ACM SIGPLAN conference on Programming language design and implementation},
 year = {2006},
 isbn = {1-59593-320-4},
 pages = {272--282},
 location = {Ottawa, Ontario, Canada},
 doi = {http://doi.acm.org/10.1145/1133981.1134014},
 publisher = {ACM Press},
 address = {New York, NY, USA},
 }

