%% This BibTeX bibliography file was created using BibDesk.
%% http://bibdesk.sourceforge.net/


%% Created for Daryle Walker at 2005-08-13 07:09:33 -0400 


%% Saved with string encoding ASCII (TeX) 



@electronic{Inc.:it,
	Address = {450 Phillip Street, Waterloo, ON, N2L SJ2, Canada},
	Date-Added = {2005-08-13 07:03:51 -0400},
	Date-Modified = {2005-08-13 07:09:22 -0400},
	Edition = {version V, release 5.1},
	Editor = {Waterloo Maple Inc.},
	Note = {A commercial computer-aided mathematics software},
	Title = {Maple},
	Url = {http://www.maplesoft.com}}

@electronic{Holin:lq,
	Author = {Hubert Holin and Didier Vidal},
	Date-Added = {2005-08-13 06:59:47 -0400},
	Date-Modified = {2005-08-13 07:02:44 -0400},
	Note = {available for licencing from the author, {\copyright}},
	Title = {Horizontal-preserving quaternions}}

@url{Weisstein:ym,
	Annote = {Was <http://www.treasure-troves.com/math/CayleyNumber.html> by E. Weisstein, but was redirected to a page that included a suggested cite listing.
},
	Author = {Eric W. Weisstein},
	Date-Added = {2005-08-13 06:50:54 -0400},
	Date-Modified = {2005-08-13 06:58:24 -0400},
	Publisher = {MathWorld---A Wolfram Web Resource},
	Title = {Cayley Number},
	Url = {http://mathworld.wolfram.com/CayleyNumber.html}}

@article{Sudbery:1979ei,
	Author = {A. Sudbery},
	Date-Added = {2005-08-13 06:46:18 -0400},
	Date-Modified = {2005-08-13 06:47:44 -0400},
	Journal = {Proceedings of the Cambridge Philosophical Society},
	Title = {Quaternionic Analysis},
	Volume = {85},
	Year = {1979}}

@article{Salamon:1982sg,
	Author = {S. Salamon},
	Date-Added = {2005-08-13 06:42:04 -0400},
	Date-Modified = {2005-08-13 06:44:22 -0400},
	Journal = {Inventiones Mathematica},
	Number = {1},
	Pages = {143--171},
	Title = {Quaternionic Kaeler Manifolds},
	Volume = {67},
	Year = {1982}}

@article{Pletincks:1989ds,
	Author = {D. Pletincks},
	Date-Added = {2005-08-13 06:36:48 -0400},
	Date-Modified = {2005-08-13 06:38:45 -0400},
	Journal = {The Visual Computer, an International Journal of Computer Graphics},
	Number = {1/2},
	Pages = {2--13},
	Title = {Quaternion calculus as a basic tool in computer graphics},
	Volume = {5},
	Year = {1989}}

@article{Pichon:1973oh,
	Address = {Paris},
	Author = {G. Pichon},
	Date-Added = {2005-08-13 06:30:53 -0400},
	Date-Modified = {2005-08-13 06:34:48 -0400},
	Journal = {Collection M\'{e}thodes},
	Pages = {31},
	Publisher = {Hermann},
	Title = {Groupes de Lie, representations lin\'{e}aires et applications},
	Year = {1973}}

@unpublished{Pham:1996gf,
	Author = {F. Pham},
	Date-Added = {2005-08-13 06:23:13 -0400},
	Date-Modified = {2005-08-13 06:26:04 -0400},
	Note = {early version, unpublished, presented at the Journ\'{e}es Non Standard, Paris, 1996-12-14 and perhaps elsewhere},
	Title = {Une d\'{e}finition non standard de l'exponentielle (variation sur un th\`{e}me de Pierre Cartier)},
	Year = {1996}}

@booklet{Misner:1973es,
	Address = {New York},
	Author = {C.W. Misner and K.S. Thone and J.A. Wheeler},
	Chapter = {41---Spinors},
	Date-Added = {2005-08-13 06:16:27 -0400},
	Date-Modified = {2005-08-13 06:23:28 -0400},
	Publisher = {W.H. Freeman and Company},
	Title = {Gravitation},
	Year = {1973}}

@book{Lelong-Ferrand:1978gq,
	Author = {J. Lelong-Ferrand and J.M. Arnaudi\`{e}s},
	Date-Added = {2005-08-13 06:08:32 -0400},
	Date-Modified = {2005-08-13 06:12:02 -0400},
	Edition = {3eme \'{e}dition},
	Publisher = {Dunod Universit\'{e}},
	Title = {Cours de math\`{e}matiques, Tome 1, Alg\`{e}bre},
	Year = {1978}}

@article{Leborgne:1982hf,
	Author = {D. Leborgne},
	Date-Added = {2005-08-13 06:04:45 -0400},
	Date-Modified = {2005-08-13 06:06:39 -0400},
	Journal = {Math\'{e}matiques},
	Publisher = {P.U.F.},
	Title = {Calcul diff\'{e}rentiel et g\'{e}ometrie},
	Year = {1982}}

@book{Lang:1971vf,
	Author = {S. Lang},
	Date-Added = {2005-08-13 05:58:26 -0400},
	Date-Modified = {2005-08-13 06:02:25 -0400},
	Edition = {Revised printing: January 1971},
	Publisher = {Addisson-Wesley Publishing Company},
	Series = {Addison-Wesley Series in Mathematics},
	Title = {Algebra},
	Year = {1971}}

@article{Khoan:1972ld,
	Author = {V. K. Khoan},
	Date-Added = {2005-08-13 05:53:27 -0400},
	Date-Modified = {2005-08-13 05:57:05 -0400},
	Journal = {Cours et exercices r\'{e}solus maitrise de math\'{e}matiques certificat C2},
	Publisher = {Vuibert},
	Title = {Distributions Analyse de Fourier Op\'{e}rateurs aux D\'{e}riv\'{e}es Partielles, tome 1},
	Year = {1972}}

@article{Howell:1975ft,
	Author = {T. Howell and  J.C. Lafon},
	Date-Added = {2005-08-13 05:50:14 -0400},
	Date-Modified = {2005-08-13 05:51:43 -0400},
	Journal = {Cornell Computer Science TR 75-245},
	Month = {June},
	Title = {The complexity of the quaternion product},
	Year = {1975}}

@article{Gurlebeck:1989mb,
	Author = {K. G\"{u}rlebeck and W. Sp\"{o}ssig},
	Date-Added = {2005-08-13 05:46:31 -0400},
	Date-Modified = {2005-08-13 05:48:44 -0400},
	Journal = {International Series of Numerical Mathematics},
	Publisher = {Birkha\"{u}ser},
	Title = {Quaternion Analysis and Elliptical Boundary Problems},
	Volume = {89},
	Year = {1989}}

@article{Exbrayat:1971pk,
	Author = {J. M. Exbrayat and P. Mazet},
	Date-Added = {2005-08-13 05:06:22 -0400},
	Date-Modified = {2005-08-13 05:44:53 -0400},
	Journal = {Notions Modernes de Math\'{e}matiques},
	Publisher = {Hatier-Universit\'{e}},
	Title = {alg\`{e}bre 1, Notions Fondamentales de la Th\'{e}orie des Ensembles},
	Year = {1971}}

@webpage{Dixon:ex,
	Annote = {The web site was originally <http://www.7stones.com/Homepage/sevenhome2.html>, but it has a redirect page to <http://www.7stones.com/index.html>, of which I trimmed the default key.
},
	Author = {G. Dixon},
	Date-Added = {2005-08-13 04:59:19 -0400},
	Date-Modified = {2005-08-13 05:02:52 -0400},
	Url = {http://www.7stones.com}}

@article{Dixon:1994rh,
	Author = {G. Dixon},
	Date-Added = {2005-08-13 04:54:24 -0400},
	Date-Modified = {2005-08-13 04:56:21 -0400},
	Journal = {Mathematics and Its Applications},
	Publisher = {Kluwer Academic Publishers},
	Title = {Division Algebras: Octonions, Quaternions, Complex Numbers and the Algebraic Design of Physics},
	Year = {1994}}

@article{Casteljau:1987bc,
	Author = {P. de Casteljau},
	Date-Added = {2005-08-13 04:47:03 -0400},
	Date-Modified = {2005-08-13 04:50:13 -0400},
	Journal = {Trait\'{e} des nouvelles technologies, s\'{e}rie math\'{e}matiques appliqu\'{e}es},
	Publisher = {Hermes},
	Title = {Les quaternions},
	Year = {1987}}

@book{Bourbaki:do,
	Author = {N. Bourbaki},
	Date-Added = {2005-08-13 04:41:28 -0400},
	Date-Modified = {2005-08-13 04:42:11 -0400},
	Title = {Espaces Vectoriels Topologiques}}

@book{Bourbaki:sc,
	Author = {N. Bourbaki},
	Date-Added = {2005-08-13 04:39:45 -0400},
	Date-Modified = {2005-08-13 04:41:18 -0400},
	Title = {Alg\`{e}bre}}

@book{Berger:1990ce,
	Author = {M. Berger},
	Date-Added = {2005-08-13 04:35:48 -0400},
	Date-Modified = {2005-08-13 04:36:40 -0400},
	Publisher = {Nathan},
	Title = {G\'{e}ometrie 1},
	Year = {1990}}

@inbook{Beardon:1979ek,
	Author = {A.F. Beardon},
	Date-Added = {2005-08-13 04:29:25 -0400},
	Date-Modified = {2005-08-13 04:33:48 -0400},
	Publisher = {John Wiley \& Sons, A Wiley-Interscience Publication},
	Title = {Complex Analysis, The Argument Principle in Analysis and Topology},
	Year = {1979}}

@article{Godbillon:1971th,
	Author = {C. Godbillon},
	Date-Added = {2005-08-13 04:12:45 -0400},
	Date-Modified = {2005-08-13 04:35:21 -0400},
	Journal = {Collection M\'{e}thodes},
	Publisher = {Hermann},
	Title = {\'{E}l\'{e}ments de Topologie Alg\'{e}brique},
	Year = {1971}}